@inproceedings{mathsci:2024:alimov:5,
  title        = {Разработка пакета нейросетевой аппроксимации дифференциальных уравнений DEGANN},
  author       = {Алимов, П. Г. and Гориховский, В. И.},
  year         = {2024},
  booktitle    = {Материалы весенней научно-практической конференции по вопросам информатики, математики, механики и астрономии «Мат-мех. Наука 2024»},
  publisher    = {Издательство ВВМ},
  address      = {СПб.},
  pages        = {5--11},
  organization = {СПбГУ},
  language     = {russian},
  hyphenation  = {russian}
}

@inproceedings{mathsci:2024:vladimirova:12,
  title        = {Целочисленное квантование для вывода при глубоком обучении},
  author       = {Владимирова, Э. В.},
  year         = {2024},
  booktitle    = {Материалы весенней научно-практической конференции по вопросам информатики, математики, механики и астрономии «Мат-мех. Наука 2024»},
  publisher    = {Издательство ВВМ},
  address      = {СПб.},
  pages        = {12--18},
  organization = {СПбГУ},
  language     = {russian},
  hyphenation  = {russian}
}

@inproceedings{mathsci:2024:egorov:19,
  title        = {Внедрение оптимизационных алгоритмов в интерфейс фреймворка Streamlit},
  author       = {Егоров, П. А.},
  year         = {2024},
  booktitle    = {Материалы весенней научно-практической конференции по вопросам информатики, математики, механики и астрономии «Мат-мех. Наука 2024»},
  publisher    = {Издательство ВВМ},
  address      = {СПб.},
  pages        = {19--25},
  organization = {СПбГУ},
  language     = {russian},
  hyphenation  = {russian}
}

@inproceedings{mathsci:2024:elcov:26,
  title        = {Дистилляция диффузионных моделей для создания 3D контента},
  author       = {Ельцов, Д. А.},
  year         = {2024},
  booktitle    = {Материалы весенней научно-практической конференции по вопросам информатики, математики, механики и астрономии «Мат-мех. Наука 2024»},
  publisher    = {Издательство ВВМ},
  address      = {СПб.},
  pages        = {26--32},
  organization = {СПбГУ},
  language     = {russian},
  hyphenation  = {russian}
}

@inproceedings{mathsci:2024:stelmah:33,
  title        = {Детектирование искусственно сгенерированного научного текста},
  author       = {Стельмах, Т. Д.},
  year         = {2024},
  booktitle    = {Материалы весенней научно-практической конференции по вопросам информатики, математики, механики и астрономии «Мат-мех. Наука 2024»},
  publisher    = {Издательство ВВМ},
  address      = {СПб.},
  pages        = {33--38},
  organization = {СПбГУ},
  language     = {russian},
  hyphenation  = {russian}
}

@inproceedings{mathsci:2024:alekseeva:41,
  title        = {Бустинговый алгоритм дисперсионного анализа на блок-схемах с медико-биологическими приложениями},
  author       = {Алексеева, Н. П. and Подлеснов, Я. С.},
  year         = {2024},
  booktitle    = {Материалы весенней научно-практической конференции по вопросам информатики, математики, механики и астрономии «Мат-мех. Наука 2024»},
  publisher    = {Издательство ВВМ},
  address      = {СПб.},
  pages        = {41--47},
  organization = {СПбГУ},
  language     = {russian},
  hyphenation  = {russian}
}

@inproceedings{mathsci:2024:shapoval:48,
  title        = {Подход к сравнению методов обнаружения разладки},
  author       = {Шаповал, Е. А. and Голяндина, Н. Э.},
  year         = {2024},
  booktitle    = {Материалы весенней научно-практической конференции по вопросам информатики, математики, механики и астрономии «Мат-мех. Наука 2024»},
  publisher    = {Издательство ВВМ},
  address      = {СПб.},
  pages        = {48--55},
  organization = {СПбГУ},
  language     = {russian},
  hyphenation  = {russian}
}

@inproceedings{mathsci:2024:oleinik:56,
  title        = {О редукции параметров в моделях сложных распределений с применением в радиобиологии},
  author       = {Олейник, М. В. and Алексеева, Н. П.},
  year         = {2024},
  booktitle    = {Материалы весенней научно-практической конференции по вопросам информатики, математики, механики и астрономии «Мат-мех. Наука 2024»},
  publisher    = {Издательство ВВМ},
  address      = {СПб.},
  pages        = {56--62},
  organization = {СПбГУ},
  language     = {russian},
  hyphenation  = {russian}
}

@inproceedings{mathsci:2024:rusakov:65,
  title        = {Сферическая адаптация MUSCL схемы для решения задачи растекающихся слоёв нейтронных звёзд},
  author       = {Русаков, А. С. and Аболмасов, П. К.},
  year         = {2024},
  booktitle    = {Материалы весенней научно-практической конференции по вопросам информатики, математики, механики и астрономии «Мат-мех. Наука 2024»},
  publisher    = {Издательство ВВМ},
  address      = {СПб.},
  pages        = {65--71},
  organization = {СПбГУ},
  language     = {russian},
  hyphenation  = {russian}
}

@inproceedings{mathsci:2024:zernov:72,
  title        = {Создание программного продукта для моделирования химической релаксации газа за ударной волной},
  author       = {Зернов, С. Н.},
  year         = {2024},
  booktitle    = {Материалы весенней научно-практической конференции по вопросам информатики, математики, механики и астрономии «Мат-мех. Наука 2024»},
  publisher    = {Издательство ВВМ},
  address      = {СПб.},
  pages        = {72--73},
  organization = {СПбГУ},
  language     = {russian},
  hyphenation  = {russian}
}

@inproceedings{mathsci:2024:filatova:77,
  title        = {Оценка альтернатив на основе парных сравнений в задаче об определении лидера группы},
  author       = {Филатова, А. А. and Кривулин, Н. К.},
  year         = {2024},
  booktitle    = {Материалы весенней научно-практической конференции по вопросам информатики, математики, механики и астрономии «Мат-мех. Наука 2024»},
  publisher    = {Издательство ВВМ},
  address      = {СПб.},
  pages        = {77--83},
  organization = {СПбГУ},
  language     = {russian},
  hyphenation  = {russian}
}

@inproceedings{mathsci:2024:livshic:87,
  title        = {Квазилинейная интерполяция минимальными сплайнами},
  author       = {Лившиц, Л. П.},
  year         = {2024},
  booktitle    = {Материалы весенней научно-практической конференции по вопросам информатики, математики, механики и астрономии «Мат-мех. Наука 2024»},
  publisher    = {Издательство ВВМ},
  address      = {СПб.},
  pages        = {87--88},
  organization = {СПбГУ},
  language     = {russian},
  hyphenation  = {russian}
}

@inproceedings{mathsci:2024:bitepaj:89,
  title        = {О приближении кусочно-постоянными финитными функциями и их обобщениями},
  author       = {Битепаж, В. О.},
  year         = {2024},
  booktitle    = {Материалы весенней научно-практической конференции по вопросам информатики, математики, механики и астрономии «Мат-мех. Наука 2024»},
  publisher    = {Издательство ВВМ},
  address      = {СПб.},
  pages        = {89--89},
  organization = {СПбГУ},
  language     = {russian},
  hyphenation  = {russian}
}

@inproceedings{mathsci:2024:evdokimova:90,
  title        = {О курсе «Методика преподавания компьютерных наук» в непедагогических вузах},
  author       = {Евдокимова, Т. О. and Иванцова, О. Н.},
  year         = {2024},
  booktitle    = {Материалы весенней научно-практической конференции по вопросам информатики, математики, механики и астрономии «Мат-мех. Наука 2024»},
  publisher    = {Издательство ВВМ},
  address      = {СПб.},
  pages        = {90--96},
  organization = {СПбГУ},
  language     = {russian},
  hyphenation  = {russian}
}

@inproceedings{mathsci:2024:makarov:97,
  title        = {О распараллеливании одного метода бинаризации},
  author       = {Макаров, А. А. and Савельева, М. Ю. and Шабунин, А. Н.},
  year         = {2024},
  booktitle    = {Материалы весенней научно-практической конференции по вопросам информатики, математики, механики и астрономии «Мат-мех. Наука 2024»},
  publisher    = {Издательство ВВМ},
  address      = {СПб.},
  pages        = {97--98},
  organization = {СПбГУ},
  language     = {russian},
  hyphenation  = {russian}
}

@inproceedings{mathsci:2024:kosogorov:99,
  title        = {Вейвлетные схемы в обработке радиолокационных данных},
  author       = {Косогоров, О. М. and Макаров, А. А. and Макарова, С. В.},
  year         = {2024},
  booktitle    = {Материалы весенней научно-практической конференции по вопросам информатики, математики, механики и астрономии «Мат-мех. Наука 2024»},
  publisher    = {Издательство ВВМ},
  address      = {СПб.},
  pages        = {99--100},
  organization = {СПбГУ},
  language     = {russian},
  hyphenation  = {russian}
}

@inproceedings{mathsci:2024:arsenev:103,
  title        = {Анализ разрывной модели фазовой автоподстройки с пилообразной характеристикой фазового детектора},
  author       = {Арсеньев, Д. Г. and Кузнецов, Н. В. and Лобачев, М. Ю.},
  year         = {2024},
  booktitle    = {Материалы весенней научно-практической конференции по вопросам информатики, математики, механики и астрономии «Мат-мех. Наука 2024»},
  publisher    = {Издательство ВВМ},
  address      = {СПб.},
  pages        = {103--104},
  organization = {СПбГУ},
  language     = {russian},
  hyphenation  = {russian}
}

@inproceedings{mathsci:2024:antropova:105,
  title        = {Нейронная сеть Хопфилда для решения задач оптимального управления},
  author       = {Антропова, Е. Г.},
  year         = {2024},
  booktitle    = {Материалы весенней научно-практической конференции по вопросам информатики, математики, механики и астрономии «Мат-мех. Наука 2024»},
  publisher    = {Издательство ВВМ},
  address      = {СПб.},
  pages        = {105--110},
  organization = {СПбГУ},
  language     = {russian},
  hyphenation  = {russian}
}

@inproceedings{mathsci:2024:kisiev:111,
  title        = {Глобальная устойчивость нейронных сетей с недифференцируемыми активационными функциями},
  author       = {Кисиев, Т. А. and Мокаев, Т. Н.},
  year         = {2024},
  booktitle    = {Материалы весенней научно-практической конференции по вопросам информатики, математики, механики и астрономии «Мат-мех. Наука 2024»},
  publisher    = {Издательство ВВМ},
  address      = {СПб.},
  pages        = {111--117},
  organization = {СПбГУ},
  language     = {russian},
  hyphenation  = {russian}
}

@inproceedings{mathsci:2024:korolev:118,
  title        = {Автоматический контроль качества конвейеров данных},
  author       = {Королев, А. С. and Благов, М. В.},
  year         = {2024},
  booktitle    = {Материалы весенней научно-практической конференции по вопросам информатики, математики, механики и астрономии «Мат-мех. Наука 2024»},
  publisher    = {Издательство ВВМ},
  address      = {СПб.},
  pages        = {118--124},
  organization = {СПбГУ},
  language     = {russian},
  hyphenation  = {russian}
}

@inproceedings{mathsci:2024:latanov:125,
  title        = {Telegram-бот для обработки стеганографии в PNG-файлах},
  author       = {Латанов, К. В. and Благов, М. В. and Кузнецов, Н. В.},
  year         = {2024},
  booktitle    = {Материалы весенней научно-практической конференции по вопросам информатики, математики, механики и астрономии «Мат-мех. Наука 2024»},
  publisher    = {Издательство ВВМ},
  address      = {СПб.},
  pages        = {125--129},
  organization = {СПбГУ},
  language     = {russian},
  hyphenation  = {russian}
}

@inproceedings{mathsci:2024:majara:130,
  title        = {Анализ инструментов быстрого захвата изменений данных},
  author       = {Мажара, Е. Н.},
  year         = {2024},
  booktitle    = {Материалы весенней научно-практической конференции по вопросам информатики, математики, механики и астрономии «Мат-мех. Наука 2024»},
  publisher    = {Издательство ВВМ},
  address      = {СПб.},
  pages        = {130--135},
  organization = {СПбГУ},
  language     = {russian},
  hyphenation  = {russian}
}

@inproceedings{mathsci:2024:mazyar:136,
  title        = {Изучение динамики клеточных автоматов с помощью нейронных сетей},
  author       = {Мазяр, В. А. and Мокаев, Т. Н.},
  year         = {2024},
  booktitle    = {Материалы весенней научно-практической конференции по вопросам информатики, математики, механики и астрономии «Мат-мех. Наука 2024»},
  publisher    = {Издательство ВВМ},
  address      = {СПб.},
  pages        = {136--142},
  organization = {СПбГУ},
  language     = {russian},
  hyphenation  = {russian}
}

@inproceedings{mathsci:2024:plotnikova:143,
  title        = {Пространственный анализ данных для исследования потенциала территории},
  author       = {Плотникова, М. А.},
  year         = {2024},
  booktitle    = {Материалы весенней научно-практической конференции по вопросам информатики, математики, механики и астрономии «Мат-мех. Наука 2024»},
  publisher    = {Издательство ВВМ},
  address      = {СПб.},
  pages        = {143--150},
  organization = {СПбГУ},
  language     = {russian},
  hyphenation  = {russian}
}

@inproceedings{mathsci:2024:safin:151,
  title        = {Разработка отказоустойчивого конвейера для доставки данных в режиме квазиреального времени},
  author       = {Сафин, А. Ф. and Благов, М. В.},
  year         = {2024},
  booktitle    = {Материалы весенней научно-практической конференции по вопросам информатики, математики, механики и астрономии «Мат-мех. Наука 2024»},
  publisher    = {Издательство ВВМ},
  address      = {СПб.},
  pages        = {151--157},
  organization = {СПбГУ},
  language     = {russian},
  hyphenation  = {russian}
}

@inproceedings{mathsci:2024:yang:161,
  title        = {Stochastic properties of a random Young diagram},
  author       = {Yang, Yu. and Yakubovich, Y.},
  year         = {2024},
  booktitle    = {Материалы весенней научно-практической конференции по вопросам информатики, математики, механики и астрономии «Мат-мех. Наука 2024»},
  publisher    = {Издательство ВВМ},
  address      = {СПб.},
  pages        = {161--162},
  organization = {СПбГУ},
  language     = {english},
  hyphenation  = {english}
}

@inproceedings{mathsci:2024:kozgunov:163,
  title        = {Архитектура динамической децентрализованной большой языковой модели c использование технологии консенсусов},
  author       = {Козгунов, Н. and Халаши, М.},
  year         = {2024},
  booktitle    = {Материалы весенней научно-практической конференции по вопросам информатики, математики, механики и астрономии «Мат-мех. Наука 2024»},
  publisher    = {Издательство ВВМ},
  address      = {СПб.},
  pages        = {163--170},
  organization = {СПбГУ},
  language     = {russian},
  hyphenation  = {russian}
}

@inproceedings{mathsci:2024:jitnuhina:173,
  title        = {Построение модели полосы с учетом контекста дороги},
  author       = {Житнухина, М. А.},
  year         = {2024},
  booktitle    = {Материалы весенней научно-практической конференции по вопросам информатики, математики, механики и астрономии «Мат-мех. Наука 2024»},
  publisher    = {Издательство ВВМ},
  address      = {СПб.},
  pages        = {173--177},
  organization = {СПбГУ},
  language     = {russian},
  hyphenation  = {russian}
}

@inproceedings{mathsci:2024:kazancev:178,
  title        = {Эффективное оценивание параметров смеси распределений},
  author       = {Казанцев, А. А. and Гориховский, В. И.},
  year         = {2024},
  booktitle    = {Материалы весенней научно-практической конференции по вопросам информатики, математики, механики и астрономии «Мат-мех. Наука 2024»},
  publisher    = {Издательство ВВМ},
  address      = {СПб.},
  pages        = {178--194},
  organization = {СПбГУ},
  language     = {russian},
  hyphenation  = {russian}
}

@inproceedings{mathsci:2024:muravev:195,
  title        = {Оптимизация алгоритма контекстно-свободной достижимости, основанного на операциях линейной алгебры},
  author       = {Муравьев, И. В.},
  year         = {2024},
  booktitle    = {Материалы весенней научно-практической конференции по вопросам информатики, математики, механики и астрономии «Мат-мех. Наука 2024»},
  publisher    = {Издательство ВВМ},
  address      = {СПб.},
  pages        = {195--201},
  organization = {СПбГУ},
  language     = {russian},
  hyphenation  = {russian}
}

@inproceedings{mathsci:2024:nigmatulin:202,
  title        = {Разработка инфраструктуры для обучения искусственных нейронных сетей выбору оптимального пути для символьного исполнения},
  author       = {Нигматулин, М. В. and Чистякова, А. А. and Григорьев, С. В.},
  year         = {2024},
  booktitle    = {Материалы весенней научно-практической конференции по вопросам информатики, математики, механики и астрономии «Мат-мех. Наука 2024»},
  publisher    = {Издательство ВВМ},
  address      = {СПб.},
  pages        = {202--208},
  organization = {СПбГУ},
  language     = {russian},
  hyphenation  = {russian}
}

@inproceedings{mathsci:2024:parshin:209,
  title        = {Синтез кода инициализации объектов для символьного исполнения},
  author       = {Паршин, М. А.},
  year         = {2024},
  booktitle    = {Материалы весенней научно-практической конференции по вопросам информатики, математики, механики и астрономии «Мат-мех. Наука 2024»},
  publisher    = {Издательство ВВМ},
  address      = {СПб.},
  pages        = {209--217},
  organization = {СПбГУ},
  language     = {russian},
  hyphenation  = {russian}
}

@inproceedings{mathsci:2024:tarbeev:218,
  title        = {Оптимизация энергопотребления Android-приложения на основе применения «зелёных» паттернов},
  author       = {Тарбеев, А. В. and Сабашный, В. Е. and Сартасов, С. Ю.},
  year         = {2024},
  booktitle    = {Материалы весенней научно-практической конференции по вопросам информатики, математики, механики и астрономии «Мат-мех. Наука 2024»},
  publisher    = {Издательство ВВМ},
  address      = {СПб.},
  pages        = {218--224},
  organization = {СПбГУ},
  language     = {russian},
  hyphenation  = {russian}
}

