@article{bib:alexeeva2008,
	author = {Н. П. Алексеева and А. О. Алекссев and Ю. Б. Вахтин and В. Ю. Кравцов and С. Н. Кузоватов and Т. И. Скорикова},
	title = {Динамика роста числа ядерных аномалий рабдомиосаркомы RA-23 при увеличении дозы острого редкоионизирующего облучения. Исследование на основе модели реинтрантно-биноминального распределения},
	journal = {Цитология},
	date = {2008},
	language = {russian},
}

@book{bib:duge1972,
	author = {Дюге Д.},
	title = {Теоретическая и прикладная стати-
	стика},
	date = {1972},
	volume = {},
	publisher = {Главная редакция
	физико-математической литературы
	изд-ва «Наука»},
	language = {russian}
}

@book{bib:holl1970,
	author = {Холл М.},
	title = {Комбинаторика},
	date = {1970},
	volume = {},
	publisher = {Изд-во «МИР», Москва},
	language = {russian}
}

@book{bib:alex2012,
	author = {Алексеева Н.П.},
	title = {Анализ медико-биологических систем. Реципрокность, эргодичность, синонимия.},
	date = {2012},
	volume = {},
	publisher = {Изд-во С.Петерб. ун-та},
	language = {russian}
}